@book{dam1998quaternions,
  title={Quaternions, interpolation and animation},
  author={Dam, Erik B and Koch, Martin and Lillholm, Martin},
  volume={2},
  pages={9--10},
  year={1998},
  publisher={Citeseer}
}
@article{weiner2005quaternions,
  title={Quaternions and Rotations in H 4},
  author={Weiner, Joel L and Wilkens, George R},
  journal={The American Mathematical Monthly},
  volume={112},
  number={1},
  pages={69--76},
  year={2005},
  publisher={Taylor \& Francis}
}
@inproceedings{shoemake1985animating,
  title={Animating rotation with quaternion curves},
  author={Shoemake, Ken},
  booktitle={Proceedings of the 12th annual conference on Computer graphics and interactive techniques},
  pages={245--254},
  year={1985}
}
@techreport{salamin1979application,
  title={Application of quaternions to computation with rotations},
  author={Salamin, Eugene},
  pages={1},
  year={1979},
  institution={Working Paper}
}
@misc{baez2004baezstuff,
  title={John Baez's Stuff},
  author={Baez, John},
  howpublished={\url{https://math.ucr.edu/home/baez/octonions/node24.html}},
  note={Accessed : 2023 06 02}
}